<?xml version="1.0" encoding="UTF-8"?><collection xmlns="http://www.loc.gov/MARC21/slim"><record><leader>00546nam--2200193-u-4500</leader><controlfield tag="001">000055730</controlfield><controlfield tag="002">20161230</controlfield><controlfield tag="005">20161230201052</controlfield><controlfield tag="008">130403s1000------------r-----000-0-fre-d</controlfield><datafield ind1=" " ind2=" " tag="040"><subfield code="a">IFIN-HH</subfield></datafield><datafield ind1=" " ind2=" " tag="041"><subfield code="a">fre</subfield></datafield><datafield ind1=" " ind2=" " tag="080"><subfield code="a">514.11(075.32)</subfield></datafield><datafield ind1="1" ind2=" " tag="100"><subfield code="a">Hadamard, Jacques</subfield></datafield><datafield ind1="1" ind2="0" tag="245"><subfield code="a">Lecons de geometrie elementaire (geometrie plane)</subfield><subfield code="c">Jacques hadamard</subfield></datafield><datafield ind1=" " ind2=" " tag="260"><subfield code="a">Paris</subfield><subfield code="b">Armand Colin &amp; Cie, Editeurs</subfield><subfield code="c">1898</subfield></datafield><datafield ind1=" " ind2=" " tag="300"><subfield code="a">308P</subfield></datafield><datafield ind1=" " ind2=" " tag="490"><subfield code="a">Cours Complet De Mathematiques Elementaires</subfield></datafield><datafield ind1=" " ind2=" " tag="852"><subfield code="a">44439</subfield><subfield code="c">H.H</subfield></datafield><datafield ind1=" " ind2=" " tag="CAT"><subfield code="a">Sys</subfield><subfield code="c">20130403</subfield><subfield code="h">173211</subfield></datafield></record></collection>